<?xml version="1.0" encoding="UTF-8"?><record xmlns="http://www.loc.gov/MARC21/slim" xmlns:cinclude="http://apache.org/cocoon/include/1.0" xmlns:zs="http://www.loc.gov/zing/srw/">
  <leader>00507nz  a2200133n  4500</leader>
  <controlfield tag="001">n  97093318 </controlfield>
  <controlfield tag="003">DLC</controlfield>
  <controlfield tag="005">19970916150605.2</controlfield>
  <controlfield tag="008">970916n| acannaab|          |a aaa |||  </controlfield>
  <datafield tag="010" ind1=" " ind2=" ">
    <subfield code="a">n  97093318 </subfield>
  </datafield>
  <datafield tag="040" ind1=" " ind2=" ">
    <subfield code="a">DLC</subfield>
    <subfield code="c">DLC</subfield>
  </datafield>
  <datafield tag="100" ind1="1" ind2="0">
    <subfield code="a">Lachner, Ignaz,</subfield>
    <subfield code="d">1807-1895.</subfield>
    <subfield code="t">Trios,</subfield>
    <subfield code="m">piano, violin, viola,</subfield>
    <subfield code="n">no. 4, op. 89,</subfield>
    <subfield code="r">D minor</subfield>
  </datafield>
  <datafield tag="670" ind1=" " ind2=" ">
    <subfield code="a">His Trio in d-Moll fuĚr Violine, Viola und Klavier op. 89, 1985.</subfield>
  </datafield>
  <datafield tag="670" ind1=" " ind2=" ">
    <subfield code="a">LC manual cat., Sept. 16, 1997</subfield>
    <subfield code="b">(4tes. Trio, Op. 89 (Pfte. Violine, Viola; Leipzig, Friedrich Hofmeister)</subfield>
  </datafield>
</record>